<?xml version="1.0" encoding="UTF-8" ?>
<collection xmlns:xsi="http://www.w3.org/2001/XMLSchema-instance"
    xsi:schemaLocation="http://www.loc.gov/MARC21/slim
        http://www.loc.gov/standards/marcxml/schema/MARC21slim.xsd"
    xmlns="http://www.loc.gov/MARC21/slim">
<record>
  <leader>00247cam a2200469 i 4500</leader>
  <controlfield tag="001">b12323445</controlfield>
  <controlfield tag="003">LeBAU</controlfield>
  <controlfield tag="005">20131008</controlfield>
  <controlfield tag="008">970124s1948    sy            ||0 0 ara d</controlfield>
  <datafield tag="035" ind1=" " ind2=" ">
    <subfield code="a">ocn784199361</subfield>
  </datafield>
  <datafield tag="040" ind1=" " ind2=" ">
    <subfield code="a">LEAUB</subfield>
    <subfield code="b">ara</subfield>
    <subfield code="e">rda</subfield>
    <subfield code="c">LEAUB</subfield>
    <subfield code="d">LEAUB</subfield>
  </datafield>
  <datafield tag="082" ind1="0" ind2="4">
    <subfield code="a">177.6</subfield>
    <subfield code="2">20</subfield>
  </datafield>
  <datafield tag="100" ind1="1" ind2=" ">
    <subfield code="6">880-01</subfield>
    <subfield code="a">Ibn Ẓāfir, ʻAlī,</subfield>
    <subfield code="d">1171 or 1172-1226?</subfield>
    <subfield code="e">author.</subfield>
  </datafield>
  <datafield tag="245" ind1="1" ind2="0">
    <subfield code="6">880-02</subfield>
    <subfield code="a">al-Shihāb al-thāqib fī dhamm al-khalīl wa-al-ṣāḥib /</subfield>
    <subfield code="c">taʼlīf Jalāl al-Dīn Abī al-Faḍl ʻAbd al-Raḥmān al-Suyūṭī al-mutawaffá sanat 911 H. ; ikhtaṣarahu min Kitāb Shifāʼ al-ghalīl fī dhamm al-ṣāḥib wa-al-khalīl lil-wazīr Jamāl al-Dīn ʻAlī ibn Ẓāfir al-Azdī ; ṣaḥḥaḥahu wa-ʻallaqa ʻalayhi Aḥmad ʻUbayd.</subfield>
  </datafield>
  <datafield tag="250" ind1=" " ind2=" ">
    <subfield code="6">880-03</subfield>
    <subfield code="a">al-Ṭab‘ah al-ūlá.</subfield>
  </datafield>
  <datafield tag="264" ind1=" " ind2="1">
    <subfield code="6">880-04</subfield>
    <subfield code="a">Dimashq :</subfield>
    <subfield code="b">al-Maktabah al-‘Arabīyah,</subfield>
    <subfield code="c">1368 [H.], [1948? M.]</subfield>
  </datafield>
  <datafield tag="300" ind1=" " ind2=" ">
    <subfield code="6">880-05</subfield>
    <subfield code="a">94 pages ;</subfield>
    <subfield code="c">22 cm</subfield>
  </datafield>
  <datafield tag="336" ind1=" " ind2=" ">
    <subfield code="a">text</subfield>
    <subfield code="b">txt</subfield>
    <subfield code="2">rdacontent</subfield>
  </datafield>
  <datafield tag="337" ind1=" " ind2=" ">
    <subfield code="a">unmediated</subfield>
    <subfield code="b">n</subfield>
    <subfield code="2">rdamedia</subfield>
  </datafield>
  <datafield tag="338" ind1=" " ind2=" ">
    <subfield code="a">volume</subfield>
    <subfield code="b">nc</subfield>
    <subfield code="2">rdacarrier</subfield>
  </datafield>
  <datafield tag="500" ind1=" " ind2=" ">
    <subfield code="a">"بنفقة المكتبة العربية في دمشق لأصحابها عبيد إخوان"--صفحة العنوان.</subfield>
  </datafield>
  <datafield tag="600" ind1="1" ind2="4">
    <subfield code="a">ابن ظافر، علي،</subfield>
    <subfield code="d">1171 ؟1226-1172أو</subfield>
    <subfield code="t">شفاء الغليل.</subfield>
  </datafield>
  <datafield tag="600" ind1="1" ind2="0">
    <subfield code="a">Ibn Ẓāfir, ʻAlī,</subfield>
    <subfield code="d">1171 or 1172-1226?</subfield>
    <subfield code="t">Shifa’ al-Ghalil.</subfield>
  </datafield>
  <datafield tag="650" ind1=" " ind2="4">
    <subfield code="a">الصداقة.</subfield>
  </datafield>
  <datafield tag="650" ind1=" " ind2="0">
    <subfield code="a">Friendship.</subfield>
  </datafield>
  <datafield tag="700" ind1="1" ind2=" ">
    <subfield code="6">880-06</subfield>
    <subfield code="a">‘Ubayd, Aḥmad Muḥammad,</subfield>
    <subfield code="d">1967-</subfield>
    <subfield code="e">corrector.</subfield>
  </datafield>
  <datafield tag="700" ind1="1" ind2=" ">
    <subfield code="6">880-07</subfield>
    <subfield code="a">‘Ubayd, Aḥmad Muḥammad,</subfield>
    <subfield code="d">1967-</subfield>
    <subfield code="e">commentator for written text.</subfield>
  </datafield>
  <datafield tag="700" ind1="1" ind2=" ">
    <subfield code="6">880-08</subfield>
    <subfield code="a">Suyūṭī,</subfield>
    <subfield code="d">1445-1505,</subfield>
    <subfield code="e">abridger.</subfield>
  </datafield>
  <datafield tag="852" ind1=" " ind2=" ">
    <subfield code="a">Jafet Library</subfield>
    <subfield code="e">American University of Beirut, Bliss Street , Beirut, Lebanon.</subfield>
  </datafield>
  <datafield tag="880" ind1="1" ind2=" ">
    <subfield code="6">100-01/(3/r</subfield>
    <subfield code="a">ابن ظافر، علي،</subfield>
    <subfield code="d">1171 أو 1172-1226؟</subfield>
    <subfield code="e">مؤلف. </subfield>
    <subfield code="4">aut.</subfield>
  </datafield>
  <datafield tag="880" ind1="1" ind2="0">
    <subfield code="6">245-02/(3/r</subfield>
    <subfield code="a">الشهاب الثاقب في ذم الخليل و الصاحب /</subfield>
    <subfield code="c">تأليف الحافظ جلال الدين أبي الفضل عبد الرحمن السيوطي المتوفي سنة 911 هـ. إختصره من كتاب شفاء الغليل في ذم الصاحب والخليل للوزير جمال الدين على إبن ظافر الأزدي ؛ صححه وعلق عليه أحمد عبيد.</subfield>
  </datafield>
  <datafield tag="880" ind1=" " ind2=" ">
    <subfield code="6">250-03/(3/r</subfield>
    <subfield code="a">الطبعة الأولى.</subfield>
  </datafield>
  <datafield tag="880" ind1=" " ind2="1">
    <subfield code="6">264-04/(3/r</subfield>
    <subfield code="a">دمشق :</subfield>
    <subfield code="b">مطبعة الترقي،</subfield>
    <subfield code="c">1368[هـ.]، [1948؟ م]</subfield>
  </datafield>
  <datafield tag="880" ind1=" " ind2=" ">
    <subfield code="6">300-05/(3/r</subfield>
    <subfield code="a">94 صفحة ؛</subfield>
    <subfield code="c">22 سم</subfield>
  </datafield>
  <datafield tag="880" ind1="1" ind2=" ">
    <subfield code="6">700-06/(3/r</subfield>
    <subfield code="a">عبيد، احمد محمد،</subfield>
    <subfield code="d">1967-</subfield>
    <subfield code="e">مصحح. </subfield>
    <subfield code="4">crr.</subfield>
  </datafield>
  <datafield tag="880" ind1="1" ind2=" ">
    <subfield code="6">700-07/(3/r</subfield>
    <subfield code="a">عبيد، احمد محمد،</subfield>
    <subfield code="d">1967-</subfield>
    <subfield code="e">معلق على نص. </subfield>
    <subfield code="4">cwt.</subfield>
  </datafield>
  <datafield tag="880" ind1="1" ind2=" ">
    <subfield code="6">700-08/(3/r</subfield>
    <subfield code="a">السيوطي،</subfield>
    <subfield code="d">1445-1505،</subfield>
    <subfield code="e">مختصر. </subfield>
    <subfield code="4">abr.</subfield>
  </datafield>
  <datafield tag="907" ind1=" " ind2=" ">
    <subfield code="a">.b12323445</subfield>
    <subfield code="b">16-07-21</subfield>
    <subfield code="c">11-05-24</subfield>
  </datafield>
  <datafield tag="907" ind1=" " ind2=" ">
    <subfield code="a">.b12323445</subfield>
    <subfield code="b">15-10-15</subfield>
    <subfield code="c">11-05-24</subfield>
  </datafield>
  <datafield tag="945" ind1=" " ind2=" ">
    <subfield code="f">J</subfield>
    <subfield code="a">177.6:A992sA:c.1</subfield>
    <subfield code="g">1</subfield>
    <subfield code="i">01002075</subfield>
    <subfield code="j">.i12753555</subfield>
    <subfield code="l">u0503</subfield>
  </datafield>
  <datafield tag="998" ind1=" " ind2=" ">
    <subfield code="a">u05</subfield>
    <subfield code="b">97-01-24</subfield>
    <subfield code="c">m</subfield>
    <subfield code="d">a</subfield>
    <subfield code="e">-</subfield>
    <subfield code="f">ara</subfield>
    <subfield code="g">sy </subfield>
    <subfield code="h">0</subfield>
    <subfield code="i">1</subfield>
  </datafield>
</record>
</collection>
